[
    {
        "amount": 0.002,
        "date": 1501871382,
        "price": 9723,
        "tid": 739718,
        "type": "sell"
    },
    {
        "amount": 0.0177606,
        "date": 1501871387,
        "price": 9735,
        "tid": 739719,
        "type": "buy"
    },
    {
        "amount": 0.06385831,
        "date": 1501871387,
        "price": 9738,
        "tid": 739720,
        "type": "buy"
    },
    {
        "amount": 0.03298915,
        "date": 1501871387,
        "price": 9738,
        "tid": 739721,
        "type": "buy"
    },
    {
        "amount": 0.00441,
        "date": 1501871388,
        "price": 9723,
        "tid": 739722,
        "type": "sell"
    },
    {
        "amount": 0.09427603,
        "date": 1501871401,
        "price": 9738,
        "tid": 739723,
        "type": "buy"
    },
    {
        "amount": 0.00919,
        "date": 1501871402,
        "price": 9723,
        "tid": 739724,
        "type": "sell"
    },
    {
        "amount": 0.0151344,
        "date": 1501871402,
        "price": 9711,
        "tid": 739725,
        "type": "sell"
    },
    {
        "amount": 0.1049356,
        "date": 1501871402,
        "price": 9710,
        "tid": 739726,
        "type": "sell"
    },
    {
        "amount": 0.2107,
        "date": 1501871406,
        "price": 9710,
        "tid": 739727,
        "type": "sell"
    },
    {
        "amount": 0.01986137,
        "date": 1501871407,
        "price": 9738,
        "tid": 739728,
        "type": "buy"
    },
    {
        "amount": 0.003,
        "date": 1501871435,
        "price": 9710,
        "tid": 739729,
        "type": "sell"
    },
    {
        "amount": 0.001,
        "date": 1501871438,
        "price": 9710,
        "tid": 739730,
        "type": "sell"
    },
    {
        "amount": 0.24818,
        "date": 1501871459,
        "price": 9710,
        "tid": 739731,
        "type": "sell"
    },
    {
        "amount": 0.0107,
        "date": 1501871481,
        "price": 9730,
        "tid": 739732,
        "type": "buy"
    },
    {
        "amount": 0.13109621,
        "date": 1501871517,
        "price": 9710,
        "tid": 739733,
        "type": "sell"
    },
    {
        "amount": 0.00513455,
        "date": 1501871517,
        "price": 9710,
        "tid": 739734,
        "type": "sell"
    },
    {
        "amount": 0.0020901,
        "date": 1501871517,
        "price": 9701.25,
        "tid": 739735,
        "type": "sell"
    },
    {
        "amount": 0.0258052,
        "date": 1501871518,
        "price": 9700,
        "tid": 739736,
        "type": "sell"
    },
    {
        "amount": 0.077,
        "date": 1501871518,
        "price": 9700,
        "tid": 739737,
        "type": "sell"
    },
    {
        "amount": 0.05,
        "date": 1501871518,
        "price": 9700,
        "tid": 739738,
        "type": "sell"
    },
    {
        "amount": 0.08487394,
        "date": 1501871518,
        "price": 9700,
        "tid": 739739,
        "type": "sell"
    },
    {
        "amount": 0.01512606,
        "date": 1501871544,
        "price": 9700,
        "tid": 739740,
        "type": "sell"
    },
    {
        "amount": 0.03487394,
        "date": 1501871544,
        "price": 9700,
        "tid": 739741,
        "type": "sell"
    },
    {
        "amount": 0.35493,
        "date": 1501871552,
        "price": 9700,
        "tid": 739742,
        "type": "sell"
    },
    {
        "amount": 0.0604587,
        "date": 1501871579,
        "price": 9700.9999,
        "tid": 739743,
        "type": "sell"
    },
    {
        "amount": 0.11019606,
        "date": 1501871579,
        "price": 9700,
        "tid": 739744,
        "type": "sell"
    },
    {
        "amount": 0.02934524,
        "date": 1501871581,
        "price": 9700,
        "tid": 739745,
        "type": "buy"
    },
    {
        "amount": 0.03986,
        "date": 1501871581,
        "price": 9710,
        "tid": 739746,
        "type": "buy"
    },
    {
        "amount": 0.02107865,
        "date": 1501871581,
        "price": 9720.38993,
        "tid": 739747,
        "type": "buy"
    },
    {
        "amount": 0.01016,
        "date": 1501871581,
        "price": 9720.39,
        "tid": 739748,
        "type": "buy"
    },
    {
        "amount": 0.00160949,
        "date": 1501871581,
        "price": 9729,
        "tid": 739749,
        "type": "buy"
    },
    {
        "amount": 0.00238,
        "date": 1501871634,
        "price": 9699.43,
        "tid": 739750,
        "type": "sell"
    },
    {
        "amount": 0.01496585,
        "date": 1501871657,
        "price": 9727.99994,
        "tid": 739751,
        "type": "buy"
    },
    {
        "amount": 0.00589455,
        "date": 1501871657,
        "price": 9728,
        "tid": 739752,
        "type": "buy"
    },
    {
        "amount": 0.00472983,
        "date": 1501871663,
        "price": 9725.5,
        "tid": 739753,
        "type": "buy"
    },
    {
        "amount": 0.02514017,
        "date": 1501871672,
        "price": 9725.5,
        "tid": 739754,
        "type": "buy"
    },
    {
        "amount": 0.01141545,
        "date": 1501871672,
        "price": 9728,
        "tid": 739755,
        "type": "buy"
    },
    {
        "amount": 0.17895294,
        "date": 1501871672,
        "price": 9729,
        "tid": 739756,
        "type": "buy"
    },
    {
        "amount": 0.07700614,
        "date": 1501871673,
        "price": 9699.43,
        "tid": 739757,
        "type": "sell"
    },
    {
        "amount": 0.17236911,
        "date": 1501871673,
        "price": 9691.11,
        "tid": 739758,
        "type": "sell"
    },
    {
        "amount": 0.04381,
        "date": 1501871698,
        "price": 9729,
        "tid": 739759,
        "type": "buy"
    },
    {
        "amount": 0.0340056,
        "date": 1501871719,
        "price": 9691.11,
        "tid": 739760,
        "type": "sell"
    },
    {
        "amount": 0.01,
        "date": 1501871719,
        "price": 9651,
        "tid": 739761,
        "type": "sell"
    },
    {
        "amount": 0.05,
        "date": 1501871719,
        "price": 9650,
        "tid": 739762,
        "type": "sell"
    },
    {
        "amount": 0.0072044,
        "date": 1501871720,
        "price": 9620.00001,
        "tid": 739763,
        "type": "sell"
    },
    {
        "amount": 0.00976773,
        "date": 1501871722,
        "price": 9725.89994,
        "tid": 739764,
        "type": "buy"
    },
    {
        "amount": 0.01555,
        "date": 1501871745,
        "price": 9620.01201,
        "tid": 739765,
        "type": "sell"
    },
    {
        "amount": 0.00921,
        "date": 1501871752,
        "price": 9620.02201,
        "tid": 739766,
        "type": "sell"
    },
    {
        "amount": 0.0818509,
        "date": 1501871792,
        "price": 9725,
        "tid": 739767,
        "type": "buy"
    },
    {
        "amount": 0.01622,
        "date": 1501871806,
        "price": 9620.02302,
        "tid": 739768,
        "type": "sell"
    },
    {
        "amount": 0.02,
        "date": 1501871814,
        "price": 9620.02302,
        "tid": 739769,
        "type": "sell"
    },
    {
        "amount": 0.01065,
        "date": 1501871932,
        "price": 9699.98899,
        "tid": 739770,
        "type": "buy"
    },
    {
        "amount": 0.03135,
        "date": 1501871945,
        "price": 9630.00001,
        "tid": 739771,
        "type": "sell"
    },
    {
        "amount": 0.01865,
        "date": 1501871945,
        "price": 9630,
        "tid": 739772,
        "type": "sell"
    },
    {
        "amount": 0.0037073,
        "date": 1501871997,
        "price": 9689,
        "tid": 739773,
        "type": "buy"
    },
    {
        "amount": 0.00269,
        "date": 1501872041,
        "price": 9688.99999,
        "tid": 739774,
        "type": "buy"
    },
    {
        "amount": 0.00646,
        "date": 1501872044,
        "price": 9630,
        "tid": 739775,
        "type": "sell"
    },
    {
        "amount": 0.00249,
        "date": 1501872064,
        "price": 9630.00001,
        "tid": 739776,
        "type": "sell"
    },
    {
        "amount": 0.00021,
        "date": 1501872096,
        "price": 9630.00001,
        "tid": 739777,
        "type": "sell"
    },
    {
        "amount": 0.00651,
        "date": 1501872096,
        "price": 9630,
        "tid": 739778,
        "type": "sell"
    },
    {
        "amount": 0.10232,
        "date": 1501872119,
        "price": 9630,
        "tid": 739779,
        "type": "sell"
    },
    {
        "amount": 0.00126,
        "date": 1501872122,
        "price": 9630,
        "tid": 739780,
        "type": "sell"
    },
    {
        "amount": 0.00503525,
        "date": 1501872128,
        "price": 9680,
        "tid": 739781,
        "type": "buy"
    },
    {
        "amount": 0.02131,
        "date": 1501872138,
        "price": 9630,
        "tid": 739782,
        "type": "sell"
    },
    {
        "amount": 0.01818182,
        "date": 1501872152,
        "price": 9680,
        "tid": 739783,
        "type": "buy"
    },
    {
        "amount": 0.0072314,
        "date": 1501872156,
        "price": 9680,
        "tid": 739784,
        "type": "buy"
    },
    {
        "amount": 0.10332059,
        "date": 1501872217,
        "price": 9679,
        "tid": 739785,
        "type": "buy"
    },
    {
        "amount": 0.01034233,
        "date": 1501872361,
        "price": 9669,
        "tid": 739786,
        "type": "buy"
    },
    {
        "amount": 0.05,
        "date": 1501872404,
        "price": 9650,
        "tid": 739787,
        "type": "sell"
    },
    {
        "amount": 0.02545,
        "date": 1501872404,
        "price": 9630,
        "tid": 739788,
        "type": "sell"
    },
    {
        "amount": 0.01034233,
        "date": 1501872412,
        "price": 9669,
        "tid": 739789,
        "type": "buy"
    },
    {
        "amount": 0.01034233,
        "date": 1501872419,
        "price": 9669,
        "tid": 739790,
        "type": "buy"
    },
    {
        "amount": 0.05038267,
        "date": 1501872429,
        "price": 9669,
        "tid": 739791,
        "type": "buy"
    },
    {
        "amount": 0.00933034,
        "date": 1501872432,
        "price": 9669,
        "tid": 739792,
        "type": "buy"
    },
    {
        "amount": 0.00101199,
        "date": 1501872432,
        "price": 9669,
        "tid": 739793,
        "type": "buy"
    },
    {
        "amount": 0.00097801,
        "date": 1501872456,
        "price": 9669,
        "tid": 739794,
        "type": "buy"
    },
    {
        "amount": 0.00381669,
        "date": 1501872456,
        "price": 9669,
        "tid": 739795,
        "type": "buy"
    },
    {
        "amount": 0.0044472,
        "date": 1501872486,
        "price": 9669,
        "tid": 739796,
        "type": "buy"
    },
    {
        "amount": 0.00101,
        "date": 1501872491,
        "price": 9669,
        "tid": 739797,
        "type": "buy"
    },
    {
        "amount": 0.00554,
        "date": 1501872502,
        "price": 9630,
        "tid": 739798,
        "type": "sell"
    },
    {
        "amount": 0.00482,
        "date": 1501872512,
        "price": 9630,
        "tid": 739799,
        "type": "sell"
    },
    {
        "amount": 0.01771,
        "date": 1501872514,
        "price": 9630,
        "tid": 739800,
        "type": "sell"
    },
    {
        "amount": 0.03101712,
        "date": 1501872558,
        "price": 9665,
        "tid": 739801,
        "type": "buy"
    },
    {
        "amount": 0.11036,
        "date": 1501872592,
        "price": 9630,
        "tid": 739802,
        "type": "sell"
    },
    {
        "amount": 0.98964,
        "date": 1501872592,
        "price": 9630,
        "tid": 739803,
        "type": "sell"
    },
    {
        "amount": 0.1869,
        "date": 1501872595,
        "price": 9630,
        "tid": 739804,
        "type": "sell"
    },
    {
        "amount": 0.01709,
        "date": 1501872615,
        "price": 9655,
        "tid": 739805,
        "type": "buy"
    },
    {
        "amount": 0.00228723,
        "date": 1501872615,
        "price": 9665,
        "tid": 739806,
        "type": "buy"
    },
    {
        "amount": 0.01182,
        "date": 1501872627,
        "price": 9630,
        "tid": 739807,
        "type": "sell"
    },
    {
        "amount": 0.00846,
        "date": 1501872638,
        "price": 9630,
        "tid": 739808,
        "type": "sell"
    },
    {
        "amount": 0.06639565,
        "date": 1501872670,
        "price": 9665,
        "tid": 739809,
        "type": "buy"
    },
    {
        "amount": 0.29943,
        "date": 1501872670,
        "price": 9668.9,
        "tid": 739810,
        "type": "buy"
    },
    {
        "amount": 0.07072611,
        "date": 1501872670,
        "price": 9669,
        "tid": 739811,
        "type": "buy"
    },
    {
        "amount": 0.07000482,
        "date": 1501872670,
        "price": 9669,
        "tid": 739812,
        "type": "buy"
    },
    {
        "amount": 0.06077,
        "date": 1501872673,
        "price": 9669,
        "tid": 739813,
        "type": "buy"
    },
    {
        "amount": 0.02125,
        "date": 1501872677,
        "price": 9630,
        "tid": 739814,
        "type": "sell"
    },
    {
        "amount": 0.045,
        "date": 1501872687,
        "price": 9630,
        "tid": 739815,
        "type": "sell"
    },
    {
        "amount": 0.011,
        "date": 1501872703,
        "price": 9631,
        "tid": 739816,
        "type": "sell"
    },
    {
        "amount": 0.39333,
        "date": 1501872703,
        "price": 9630,
        "tid": 739817,
        "type": "sell"
    },
    {
        "amount": 0.01601518,
        "date": 1501872716,
        "price": 9669,
        "tid": 739818,
        "type": "buy"
    },
    {
        "amount": 0.01501023,
        "date": 1501872716,
        "price": 9670.02,
        "tid": 739819,
        "type": "buy"
    },
    {
        "amount": 0.1,
        "date": 1501872728,
        "price": 9630,
        "tid": 739820,
        "type": "sell"
    },
    {
        "amount": 0.00267,
        "date": 1501872811,
        "price": 9630,
        "tid": 739821,
        "type": "sell"
    },
    {
        "amount": 0.04679977,
        "date": 1501872811,
        "price": 9670.02,
        "tid": 739822,
        "type": "buy"
    },
    {
        "amount": 0.27222,
        "date": 1501872812,
        "price": 9675,
        "tid": 739823,
        "type": "buy"
    },
    {
        "amount": 0.15497469,
        "date": 1501872813,
        "price": 9679,
        "tid": 739824,
        "type": "buy"
    },
    {
        "amount": 0.44236,
        "date": 1501872813,
        "price": 9699.999,
        "tid": 739825,
        "type": "buy"
    },
    {
        "amount": 0.1571,
        "date": 1501872813,
        "price": 9700,
        "tid": 739826,
        "type": "buy"
    },
    {
        "amount": 0.02226,
        "date": 1501872813,
        "price": 9700,
        "tid": 739827,
        "type": "buy"
    },
    {
        "amount": 0.0073,
        "date": 1501872813,
        "price": 9700,
        "tid": 739828,
        "type": "buy"
    },
    {
        "amount": 0.00792,
        "date": 1501872813,
        "price": 9700,
        "tid": 739829,
        "type": "buy"
    },
    {
        "amount": 0.45602054,
        "date": 1501872813,
        "price": 9700,
        "tid": 739830,
        "type": "buy"
    },
    {
        "amount": 0.0370866,
        "date": 1501872813,
        "price": 9700,
        "tid": 739831,
        "type": "buy"
    },
    {
        "amount": 0.02094845,
        "date": 1501872814,
        "price": 9700,
        "tid": 739832,
        "type": "buy"
    },
    {
        "amount": 0.11335,
        "date": 1501872860,
        "price": 9660,
        "tid": 739833,
        "type": "buy"
    },
    {
        "amount": 0.01035197,
        "date": 1501872917,
        "price": 9660,
        "tid": 739834,
        "type": "buy"
    },
    {
        "amount": 0.57629803,
        "date": 1501872926,
        "price": 9660,
        "tid": 739835,
        "type": "buy"
    },
    {
        "amount": 0.00526,
        "date": 1501872927,
        "price": 9699,
        "tid": 739836,
        "type": "buy"
    },
    {
        "amount": 0.12369441,
        "date": 1501872927,
        "price": 9700,
        "tid": 739837,
        "type": "buy"
    },
    {
        "amount": 1,
        "date": 1501872927,
        "price": 9700,
        "tid": 739838,
        "type": "buy"
    },
    {
        "amount": 0.0097,
        "date": 1501872927,
        "price": 9700,
        "tid": 739839,
        "type": "buy"
    },
    {
        "amount": 0.15410455,
        "date": 1501872927,
        "price": 9714.99,
        "tid": 739840,
        "type": "buy"
    },
    {
        "amount": 0.25482478,
        "date": 1501872927,
        "price": 9719.99,
        "tid": 739841,
        "type": "buy"
    },
    {
        "amount": 0.00823047,
        "date": 1501873022,
        "price": 9719.97999,
        "tid": 739842,
        "type": "buy"
    },
    {
        "amount": 0.00979632,
        "date": 1501873028,
        "price": 9719.97999,
        "tid": 739843,
        "type": "buy"
    },
    {
        "amount": 0.009785,
        "date": 1501873042,
        "price": 9719.97999,
        "tid": 739844,
        "type": "buy"
    },
    {
        "amount": 0.00957,
        "date": 1501873066,
        "price": 9719.98899,
        "tid": 739845,
        "type": "buy"
    },
    {
        "amount": 0.13985998,
        "date": 1501873130,
        "price": 9709.99899,
        "tid": 739846,
        "type": "buy"
    },
    {
        "amount": 0.02648032,
        "date": 1501873130,
        "price": 9709.999,
        "tid": 739847,
        "type": "buy"
    },
    {
        "amount": 0.0369714,
        "date": 1501873130,
        "price": 9710,
        "tid": 739848,
        "type": "buy"
    },
    {
        "amount": 0.29,
        "date": 1501873146,
        "price": 9723,
        "tid": 739849,
        "type": "buy"
    },
    {
        "amount": 0.21366911,
        "date": 1501873146,
        "price": 9724.99,
        "tid": 739850,
        "type": "buy"
    },
    {
        "amount": 0.10776361,
        "date": 1501873146,
        "price": 9724.99,
        "tid": 739851,
        "type": "buy"
    },
    {
        "amount": 0.20123414,
        "date": 1501873148,
        "price": 9724.99,
        "tid": 739852,
        "type": "buy"
    },
    {
        "amount": 0.12940065,
        "date": 1501873152,
        "price": 9724.99,
        "tid": 739853,
        "type": "buy"
    },
    {
        "amount": 0.1016883,
        "date": 1501873191,
        "price": 9720,
        "tid": 739854,
        "type": "sell"
    },
    {
        "amount": 0.0764017,
        "date": 1501873191,
        "price": 9709.999,
        "tid": 739855,
        "type": "sell"
    },
    {
        "amount": 0.09427763,
        "date": 1501873199,
        "price": 9725,
        "tid": 739856,
        "type": "buy"
    },
    {
        "amount": 0.01,
        "date": 1501873213,
        "price": 9709.999,
        "tid": 739857,
        "type": "sell"
    },
    {
        "amount": 0.07,
        "date": 1501873213,
        "price": 9709.999,
        "tid": 739858,
        "type": "sell"
    },
    {
        "amount": 0.01028278,
        "date": 1501873222,
        "price": 9725,
        "tid": 739859,
        "type": "buy"
    },
    {
        "amount": 0.00469,
        "date": 1501873226,
        "price": 9709.999,
        "tid": 739860,
        "type": "sell"
    },
    {
        "amount": 0.0026483,
        "date": 1501873245,
        "price": 9709.999,
        "tid": 739861,
        "type": "sell"
    },
    {
        "amount": 0.0767417,
        "date": 1501873248,
        "price": 9709.999,
        "tid": 739862,
        "type": "buy"
    },
    {
        "amount": 0.05500117,
        "date": 1501873248,
        "price": 9724.12345,
        "tid": 739863,
        "type": "buy"
    },
    {
        "amount": 0.00954,
        "date": 1501873266,
        "price": 9724.12345,
        "tid": 739864,
        "type": "buy"
    },
    {
        "amount": 0.11533173,
        "date": 1501873273,
        "price": 9724.12345,
        "tid": 739865,
        "type": "buy"
    },
    {
        "amount": 0.00473251,
        "date": 1501873283,
        "price": 9720,
        "tid": 739866,
        "type": "buy"
    },
    {
        "amount": 0.35639476,
        "date": 1501873300,
        "price": 9720,
        "tid": 739867,
        "type": "buy"
    },
    {
        "amount": 0.001,
        "date": 1501873360,
        "price": 9705,
        "tid": 739868,
        "type": "sell"
    },
    {
        "amount": 0.00514977,
        "date": 1501873449,
        "price": 9715,
        "tid": 739869,
        "type": "buy"
    },
    {
        "amount": 0.00153,
        "date": 1501873469,
        "price": 9705,
        "tid": 739870,
        "type": "sell"
    },
    {
        "amount": 0.31749277,
        "date": 1501873483,
        "price": 9714.93,
        "tid": 739871,
        "type": "buy"
    },
    {
        "amount": 0.02369,
        "date": 1501873503,
        "price": 9705,
        "tid": 739872,
        "type": "sell"
    },
    {
        "amount": 0.0346,
        "date": 1501873503,
        "price": 9660,
        "tid": 739873,
        "type": "sell"
    },
    {
        "amount": 0.53397,
        "date": 1501873523,
        "price": 9660,
        "tid": 739874,
        "type": "sell"
    },
    {
        "amount": 0.03,
        "date": 1501873523,
        "price": 9640,
        "tid": 739875,
        "type": "sell"
    },
    {
        "amount": 0.24093,
        "date": 1501873523,
        "price": 9630,
        "tid": 739876,
        "type": "sell"
    },
    {
        "amount": 0.1951,
        "date": 1501873523,
        "price": 9630,
        "tid": 739877,
        "type": "sell"
    },
    {
        "amount": 0.12393296,
        "date": 1501873548,
        "price": 9714.93,
        "tid": 739878,
        "type": "buy"
    },
    {
        "amount": 0.1511,
        "date": 1501873563,
        "price": 9630.00101,
        "tid": 739879,
        "type": "sell"
    },
    {
        "amount": 0.00199487,
        "date": 1501873574,
        "price": 9714.93,
        "tid": 739880,
        "type": "buy"
    },
    {
        "amount": 0.49112496,
        "date": 1501873605,
        "price": 9630.00102,
        "tid": 739881,
        "type": "sell"
    },
    {
        "amount": 0.17822,
        "date": 1501873605,
        "price": 9630.00101,
        "tid": 739882,
        "type": "sell"
    },
    {
        "amount": 0.10903,
        "date": 1501873605,
        "price": 9630.001,
        "tid": 739883,
        "type": "sell"
    },
    {
        "amount": 0.18883,
        "date": 1501873605,
        "price": 9630,
        "tid": 739884,
        "type": "sell"
    },
    {
        "amount": 0.0048,
        "date": 1501873605,
        "price": 9630,
        "tid": 739885,
        "type": "sell"
    },
    {
        "amount": 0.00965,
        "date": 1501873605,
        "price": 9630,
        "tid": 739886,
        "type": "sell"
    },
    {
        "amount": 0.01238504,
        "date": 1501873605,
        "price": 9630,
        "tid": 739887,
        "type": "sell"
    },
    {
        "amount": 0.02367,
        "date": 1501873610,
        "price": 9630,
        "tid": 739888,
        "type": "sell"
    },
    {
        "amount": 0.0097901,
        "date": 1501873632,
        "price": 9714.91899,
        "tid": 739889,
        "type": "buy"
    },
    {
        "amount": 0.01338148,
        "date": 1501873635,
        "price": 9714.91899,
        "tid": 739890,
        "type": "buy"
    },
    {
        "amount": 0.00366,
        "date": 1501873669,
        "price": 9630.00101,
        "tid": 739891,
        "type": "sell"
    },
    {
        "amount": 0.00980143,
        "date": 1501873686,
        "price": 9714.90999,
        "tid": 739892,
        "type": "buy"
    },
    {
        "amount": 0.13394851,
        "date": 1501873700,
        "price": 9710,
        "tid": 739893,
        "type": "buy"
    },
    {
        "amount": 0.17768534,
        "date": 1501873715,
        "price": 9709.99999,
        "tid": 739894,
        "type": "buy"
    },
    {
        "amount": 0.46648001,
        "date": 1501873715,
        "price": 9709.99999,
        "tid": 739895,
        "type": "buy"
    },
    {
        "amount": 0.14084527,
        "date": 1501873715,
        "price": 9709.99999,
        "tid": 739896,
        "type": "buy"
    },
    {
        "amount": 0.00587642,
        "date": 1501873747,
        "price": 9710,
        "tid": 739897,
        "type": "buy"
    },
    {
        "amount": 0.10607621,
        "date": 1501873750,
        "price": 9710,
        "tid": 739898,
        "type": "buy"
    },
    {
        "amount": 1.5,
        "date": 1501873752,
        "price": 9709.99999,
        "tid": 739899,
        "type": "sell"
    },
    {
        "amount": 0.01078,
        "date": 1501873801,
        "price": 9709.99999,
        "tid": 739900,
        "type": "sell"
    },
    {
        "amount": 0.00409,
        "date": 1501873803,
        "price": 9710,
        "tid": 739901,
        "type": "buy"
    },
    {
        "amount": 7.09311,
        "date": 1501873803,
        "price": 9709.99999,
        "tid": 739902,
        "type": "sell"
    },
    {
        "amount": 0.02761,
        "date": 1501873849,
        "price": 9709.99999,
        "tid": 739903,
        "type": "sell"
    },
    {
        "amount": 0.00298661,
        "date": 1501873868,
        "price": 9710,
        "tid": 739904,
        "type": "buy"
    },
    {
        "amount": 0.0042,
        "date": 1501873881,
        "price": 9709.99999,
        "tid": 739905,
        "type": "sell"
    },
    {
        "amount": 0.57928938,
        "date": 1501873883,
        "price": 9709.99999,
        "tid": 739906,
        "type": "sell"
    },
    {
        "amount": 0.10269,
        "date": 1501873883,
        "price": 9650,
        "tid": 739907,
        "type": "sell"
    },
    {
        "amount": 0.31212062,
        "date": 1501873883,
        "price": 9630.00001,
        "tid": 739908,
        "type": "sell"
    },
    {
        "amount": 0.00309,
        "date": 1501873892,
        "price": 9630.01001,
        "tid": 739909,
        "type": "sell"
    },
    {
        "amount": 0.10870291,
        "date": 1501873896,
        "price": 9709.999,
        "tid": 739910,
        "type": "buy"
    },
    {
        "amount": 0.0928728,
        "date": 1501873896,
        "price": 9709.99999,
        "tid": 739911,
        "type": "buy"
    },
    {
        "amount": 0.01038518,
        "date": 1501873962,
        "price": 9709.98999,
        "tid": 739912,
        "type": "buy"
    },
    {
        "amount": 0.01181706,
        "date": 1501874013,
        "price": 9707.99999,
        "tid": 739913,
        "type": "buy"
    },
    {
        "amount": 0.19610922,
        "date": 1501874025,
        "price": 9707.99999,
        "tid": 739914,
        "type": "buy"
    },
    {
        "amount": 0.58410351,
        "date": 1501874025,
        "price": 9708,
        "tid": 739915,
        "type": "buy"
    },
    {
        "amount": 0.3322376,
        "date": 1501874025,
        "price": 9709,
        "tid": 739916,
        "type": "buy"
    },
    {
        "amount": 0.00911,
        "date": 1501874034,
        "price": 9699,
        "tid": 739917,
        "type": "sell"
    },
    {
        "amount": 0.04089,
        "date": 1501874034,
        "price": 9630.00004,
        "tid": 739918,
        "type": "sell"
    },
    {
        "amount": 0.05047,
        "date": 1501874043,
        "price": 9709,
        "tid": 739919,
        "type": "buy"
    },
    {
        "amount": 0.1768924,
        "date": 1501874050,
        "price": 9709,
        "tid": 739920,
        "type": "buy"
    },
    {
        "amount": 0.0410276,
        "date": 1501874050,
        "price": 9709,
        "tid": 739921,
        "type": "sell"
    },
    {
        "amount": 0.05982,
        "date": 1501874103,
        "price": 9699,
        "tid": 739922,
        "type": "buy"
    },
    {
        "amount": 0.01991133,
        "date": 1501874122,
        "price": 9699,
        "tid": 739923,
        "type": "buy"
    },
    {
        "amount": 0.16665,
        "date": 1501874126,
        "price": 9630.00001,
        "tid": 739924,
        "type": "sell"
    },
    {
        "amount": 0.0606,
        "date": 1501874188,
        "price": 9630.00007,
        "tid": 739925,
        "type": "sell"
    },
    {
        "amount": 0.06804825,
        "date": 1501874188,
        "price": 9698.99999,
        "tid": 739926,
        "type": "buy"
    },
    {
        "amount": 0.01581067,
        "date": 1501874209,
        "price": 9698.99998,
        "tid": 739927,
        "type": "buy"
    },
    {
        "amount": 0.06033199,
        "date": 1501874236,
        "price": 9698.99995,
        "tid": 739928,
        "type": "buy"
    },
    {
        "amount": 0.01997,
        "date": 1501874238,
        "price": 9698.99995,
        "tid": 739929,
        "type": "buy"
    },
    {
        "amount": 0.02614,
        "date": 1501874265,
        "price": 9680,
        "tid": 739930,
        "type": "buy"
    },
    {
        "amount": 0.02118856,
        "date": 1501874265,
        "price": 9698.49999,
        "tid": 739931,
        "type": "buy"
    },
    {
        "amount": 0.09585,
        "date": 1501874265,
        "price": 9698.5,
        "tid": 739932,
        "type": "buy"
    },
    {
        "amount": 0.05882144,
        "date": 1501874265,
        "price": 9699,
        "tid": 739933,
        "type": "buy"
    },
    {
        "amount": 0.00191331,
        "date": 1501874309,
        "price": 9690,
        "tid": 739934,
        "type": "buy"
    },
    {
        "amount": 0.00844669,
        "date": 1501874391,
        "price": 9690,
        "tid": 739935,
        "type": "buy"
    },
    {
        "amount": 0.00212733,
        "date": 1501874391,
        "price": 9698.99999,
        "tid": 739936,
        "type": "buy"
    },
    {
        "amount": 0.2525645,
        "date": 1501874397,
        "price": 9690,
        "tid": 739937,
        "type": "buy"
    },
    {
        "amount": 0.0424802,
        "date": 1501874433,
        "price": 9689.99999,
        "tid": 739938,
        "type": "buy"
    },
    {
        "amount": 0.0110198,
        "date": 1501874433,
        "price": 9690,
        "tid": 739939,
        "type": "buy"
    },
    {
        "amount": 0.1339,
        "date": 1501874437,
        "price": 9630.00001,
        "tid": 739940,
        "type": "sell"
    },
    {
        "amount": 0.00214,
        "date": 1501874437,
        "price": 9630.00001,
        "tid": 739941,
        "type": "sell"
    },
    {
        "amount": 0.04261,
        "date": 1501874437,
        "price": 9630.00001,
        "tid": 739942,
        "type": "sell"
    },
    {
        "amount": 0.01394496,
        "date": 1501874437,
        "price": 9630,
        "tid": 739943,
        "type": "sell"
    },
    {
        "amount": 0.00907,
        "date": 1501874437,
        "price": 9630,
        "tid": 739944,
        "type": "sell"
    },
    {
        "amount": 0.053179,
        "date": 1501874437,
        "price": 9625.1,
        "tid": 739945,
        "type": "sell"
    },
    {
        "amount": 0.02379,
        "date": 1501874437,
        "price": 9625,
        "tid": 739946,
        "type": "sell"
    },
    {
        "amount": 0.43136604,
        "date": 1501874437,
        "price": 9621.00001,
        "tid": 739947,
        "type": "sell"
    },
    {
        "amount": 0.0572,
        "date": 1501874453,
        "price": 9621.00001,
        "tid": 739948,
        "type": "sell"
    },
    {
        "amount": 0.0570284,
        "date": 1501874471,
        "price": 9689.99999,
        "tid": 739949,
        "type": "buy"
    },
    {
        "amount": 0.15981783,
        "date": 1501874471,
        "price": 9689.99999,
        "tid": 739950,
        "type": "buy"
    },
    {
        "amount": 0.00526316,
        "date": 1501874484,
        "price": 9689.99,
        "tid": 739951,
        "type": "buy"
    },
    {
        "amount": 0.00515996,
        "date": 1501874498,
        "price": 9689.98999,
        "tid": 739952,
        "type": "buy"
    },
    {
        "amount": 0.26426756,
        "date": 1501874504,
        "price": 9689.98998,
        "tid": 739953,
        "type": "buy"
    },
    {
        "amount": 0.01561,
        "date": 1501874506,
        "price": 9621.00001,
        "tid": 739954,
        "type": "sell"
    },
    {
        "amount": 0.01638976,
        "date": 1501874585,
        "price": 9679.99999,
        "tid": 739955,
        "type": "buy"
    },
    {
        "amount": 0.08967429,
        "date": 1501874585,
        "price": 9680,
        "tid": 739956,
        "type": "buy"
    },
    {
        "amount": 0.10330579,
        "date": 1501874616,
        "price": 9679.99999,
        "tid": 739957,
        "type": "buy"
    },
    {
        "amount": 0.00155,
        "date": 1501874628,
        "price": 9679.99999,
        "tid": 739958,
        "type": "buy"
    },
    {
        "amount": 0.00497,
        "date": 1501874678,
        "price": 9625,
        "tid": 739959,
        "type": "sell"
    },
    {
        "amount": 1,
        "date": 1501874686,
        "price": 9670,
        "tid": 739960,
        "type": "buy"
    },
    {
        "amount": 0.02386364,
        "date": 1501874686,
        "price": 9680,
        "tid": 739961,
        "type": "buy"
    },
    {
        "amount": 0.00464876,
        "date": 1501874694,
        "price": 9680,
        "tid": 739962,
        "type": "buy"
    },
    {
        "amount": 0.003387,
        "date": 1501874702,
        "price": 9625,
        "tid": 739963,
        "type": "sell"
    },
    {
        "amount": 0.010343,
        "date": 1501874702,
        "price": 9621.00001,
        "tid": 739964,
        "type": "sell"
    },
    {
        "amount": 0.00467532,
        "date": 1501874729,
        "price": 9625,
        "tid": 739965,
        "type": "buy"
    },
    {
        "amount": 0.04254577,
        "date": 1501874788,
        "price": 9621.00001,
        "tid": 739966,
        "type": "sell"
    },
    {
        "amount": 0.01104132,
        "date": 1501874868,
        "price": 9679.99999,
        "tid": 739967,
        "type": "buy"
    },
    {
        "amount": 0.05094,
        "date": 1501874893,
        "price": 9622.00001,
        "tid": 739968,
        "type": "sell"
    },
    {
        "amount": 0.10408269,
        "date": 1501874893,
        "price": 9675,
        "tid": 739969,
        "type": "buy"
    },
    {
        "amount": 0.00135,
        "date": 1501874919,
        "price": 9622.00001,
        "tid": 739970,
        "type": "sell"
    },
    {
        "amount": 0.01107,
        "date": 1501874919,
        "price": 9622.00001,
        "tid": 739971,
        "type": "sell"
    },
    {
        "amount": 0.0126,
        "date": 1501874920,
        "price": 9622,
        "tid": 739972,
        "type": "sell"
    },
    {
        "amount": 0.02273902,
        "date": 1501874978,
        "price": 9675,
        "tid": 739973,
        "type": "buy"
    },
    {
        "amount": 0.01242,
        "date": 1501875037,
        "price": 9622,
        "tid": 739974,
        "type": "sell"
    },
    {
        "amount": 0.00624,
        "date": 1501875065,
        "price": 9622,
        "tid": 739975,
        "type": "sell"
    },
    {
        "amount": 0.01963824,
        "date": 1501875087,
        "price": 9675,
        "tid": 739976,
        "type": "buy"
    },
    {
        "amount": 0.0043,
        "date": 1501875132,
        "price": 9674,
        "tid": 739977,
        "type": "buy"
    },
    {
        "amount": 0.01439264,
        "date": 1501875159,
        "price": 9673,
        "tid": 739978,
        "type": "buy"
    },
    {
        "amount": 0.01034233,
        "date": 1501875221,
        "price": 9669,
        "tid": 739979,
        "type": "buy"
    },
    {
        "amount": 0.03517841,
        "date": 1501875231,
        "price": 9669,
        "tid": 739980,
        "type": "buy"
    },
    {
        "amount": 0.00986,
        "date": 1501875267,
        "price": 9625,
        "tid": 739981,
        "type": "buy"
    },
    {
        "amount": 0.00877714,
        "date": 1501875276,
        "price": 9625,
        "tid": 739982,
        "type": "buy"
    },
    {
        "amount": 0.00643,
        "date": 1501875312,
        "price": 9624.9,
        "tid": 739983,
        "type": "buy"
    },
    {
        "amount": 0.0072728,
        "date": 1501875330,
        "price": 9624.9,
        "tid": 739984,
        "type": "buy"
    },
    {
        "amount": 0.01791,
        "date": 1501875332,
        "price": 9622.00001,
        "tid": 739985,
        "type": "sell"
    },
    {
        "amount": 0.01350663,
        "date": 1501875337,
        "price": 9624.9,
        "tid": 739986,
        "type": "buy"
    },
    {
        "amount": 0.00943488,
        "date": 1501875357,
        "price": 9624.9,
        "tid": 739987,
        "type": "buy"
    },
    {
        "amount": 0.00147743,
        "date": 1501875357,
        "price": 9625,
        "tid": 739988,
        "type": "buy"
    },
    {
        "amount": 0.01090909,
        "date": 1501875358,
        "price": 9625,
        "tid": 739989,
        "type": "buy"
    },
    {
        "amount": 0.04531722,
        "date": 1501875366,
        "price": 9625,
        "tid": 739990,
        "type": "buy"
    },
    {
        "amount": 0.00530286,
        "date": 1501875376,
        "price": 9625,
        "tid": 739991,
        "type": "buy"
    },
    {
        "amount": 0.00519481,
        "date": 1501875381,
        "price": 9625,
        "tid": 739992,
        "type": "buy"
    },
    {
        "amount": 0.22625,
        "date": 1501875382,
        "price": 9622.00001,
        "tid": 739993,
        "type": "sell"
    },
    {
        "amount": 0.06518,
        "date": 1501875382,
        "price": 9622,
        "tid": 739994,
        "type": "sell"
    },
    {
        "amount": 0.27657,
        "date": 1501875382,
        "price": 9621,
        "tid": 739995,
        "type": "sell"
    },
    {
        "amount": 0.04856059,
        "date": 1501875430,
        "price": 9622,
        "tid": 739996,
        "type": "buy"
    },
    {
        "amount": 0.01321193,
        "date": 1501875436,
        "price": 9622,
        "tid": 739997,
        "type": "buy"
    },
    {
        "amount": 0.00274364,
        "date": 1501875436,
        "price": 9624,
        "tid": 739998,
        "type": "buy"
    },
    {
        "amount": 0.34,
        "date": 1501875452,
        "price": 9621,
        "tid": 739999,
        "type": "sell"
    },
    {
        "amount": 0.01039069,
        "date": 1501875507,
        "price": 9624,
        "tid": 740000,
        "type": "buy"
    },
    {
        "amount": 0.0119,
        "date": 1501875536,
        "price": 9621,
        "tid": 740001,
        "type": "sell"
    },
    {
        "amount": 0.00778,
        "date": 1501875561,
        "price": 9623,
        "tid": 740002,
        "type": "buy"
    },
    {
        "amount": 0.0027,
        "date": 1501875568,
        "price": 9621,
        "tid": 740003,
        "type": "sell"
    },
    {
        "amount": 0.00838,
        "date": 1501875569,
        "price": 9620.73667,
        "tid": 740004,
        "type": "sell"
    },
    {
        "amount": 0.02162,
        "date": 1501875583,
        "price": 9620.73667,
        "tid": 740005,
        "type": "sell"
    },
    {
        "amount": 0.09139,
        "date": 1501875583,
        "price": 9620,
        "tid": 740006,
        "type": "sell"
    },
    {
        "amount": 0.01261,
        "date": 1501875645,
        "price": 9620,
        "tid": 740007,
        "type": "sell"
    },
    {
        "amount": 0.00879,
        "date": 1501875645,
        "price": 9610.9,
        "tid": 740008,
        "type": "sell"
    },
    {
        "amount": 0.06563,
        "date": 1501875645,
        "price": 9602,
        "tid": 740009,
        "type": "sell"
    },
    {
        "amount": 0.03050714,
        "date": 1501875662,
        "price": 9602,
        "tid": 740010,
        "type": "sell"
    },
    {
        "amount": 0.14058286,
        "date": 1501875662,
        "price": 9602,
        "tid": 740011,
        "type": "sell"
    },
    {
        "amount": 0.00405,
        "date": 1501875669,
        "price": 9602,
        "tid": 740012,
        "type": "sell"
    },
    {
        "amount": 0.02108802,
        "date": 1501875690,
        "price": 9623,
        "tid": 740013,
        "type": "buy"
    },
    {
        "amount": 0.02536714,
        "date": 1501875692,
        "price": 9602,
        "tid": 740014,
        "type": "sell"
    },
    {
        "amount": 0.00552009,
        "date": 1501875692,
        "price": 9601.12,
        "tid": 740015,
        "type": "sell"
    },
    {
        "amount": 0.01,
        "date": 1501875692,
        "price": 9601,
        "tid": 740016,
        "type": "sell"
    },
    {
        "amount": 0.0654,
        "date": 1501875692,
        "price": 9600.97998,
        "tid": 740017,
        "type": "sell"
    },
    {
        "amount": 0.00668,
        "date": 1501875692,
        "price": 9600.199,
        "tid": 740018,
        "type": "sell"
    },
    {
        "amount": 0.03884,
        "date": 1501875692,
        "price": 9600.12345,
        "tid": 740019,
        "type": "sell"
    },
    {
        "amount": 0.08954,
        "date": 1501875692,
        "price": 9600,
        "tid": 740020,
        "type": "sell"
    },
    {
        "amount": 0.05214,
        "date": 1501875692,
        "price": 9600,
        "tid": 740021,
        "type": "sell"
    },
    {
        "amount": 0.05,
        "date": 1501875692,
        "price": 9600,
        "tid": 740022,
        "type": "sell"
    },
    {
        "amount": 0.05894277,
        "date": 1501875692,
        "price": 9600,
        "tid": 740023,
        "type": "sell"
    },
    {
        "amount": 0.00988361,
        "date": 1501875694,
        "price": 9623,
        "tid": 740024,
        "type": "buy"
    },
    {
        "amount": 0.01232269,
        "date": 1501875726,
        "price": 9623,
        "tid": 740025,
        "type": "buy"
    },
    {
        "amount": 0.01635879,
        "date": 1501875726,
        "price": 9623,
        "tid": 740026,
        "type": "buy"
    },
    {
        "amount": 0.02347353,
        "date": 1501875726,
        "price": 9625,
        "tid": 740027,
        "type": "buy"
    },
    {
        "amount": 0.01,
        "date": 1501875726,
        "price": 9630,
        "tid": 740028,
        "type": "buy"
    },
    {
        "amount": 0.19126142,
        "date": 1501875726,
        "price": 9668,
        "tid": 740029,
        "type": "buy"
    },
    {
        "amount": 0.01705417,
        "date": 1501876037,
        "price": 9600.00001,
        "tid": 740030,
        "type": "buy"
    },
    {
        "amount": 0.00489896,
        "date": 1501876072,
        "price": 9600.00001,
        "tid": 740031,
        "type": "buy"
    },
    {
        "amount": 0.02083333,
        "date": 1501876082,
        "price": 9600.00001,
        "tid": 740032,
        "type": "buy"
    },
    {
        "amount": 0.131875,
        "date": 1501876139,
        "price": 9600.00001,
        "tid": 740033,
        "type": "buy"
    },
    {
        "amount": 0.11105723,
        "date": 1501876161,
        "price": 9600,
        "tid": 740034,
        "type": "sell"
    },
    {
        "amount": 1.51238,
        "date": 1501876161,
        "price": 9600,
        "tid": 740035,
        "type": "sell"
    },
    {
        "amount": 0.22937,
        "date": 1501876161,
        "price": 9600,
        "tid": 740036,
        "type": "sell"
    },
    {
        "amount": 0.09717,
        "date": 1501876161,
        "price": 9600,
        "tid": 740037,
        "type": "sell"
    },
    {
        "amount": 0.05002277,
        "date": 1501876161,
        "price": 9600,
        "tid": 740038,
        "type": "sell"
    },
    {
        "amount": 0.00775,
        "date": 1501876192,
        "price": 9600,
        "tid": 740039,
        "type": "sell"
    },
    {
        "amount": 0.20388542,
        "date": 1501876214,
        "price": 9600.00001,
        "tid": 740040,
        "type": "buy"
    },
    {
        "amount": 0.19776,
        "date": 1501876226,
        "price": 9600.00001,
        "tid": 740041,
        "type": "buy"
    },
    {
        "amount": 0.01604167,
        "date": 1501876235,
        "price": 9600.00001,
        "tid": 740042,
        "type": "buy"
    },
    {
        "amount": 0.09406,
        "date": 1501876262,
        "price": 9600,
        "tid": 740043,
        "type": "sell"
    },
    {
        "amount": 0.01041667,
        "date": 1501876311,
        "price": 9600.00001,
        "tid": 740044,
        "type": "buy"
    },
    {
        "amount": 0.00288,
        "date": 1501876313,
        "price": 9600,
        "tid": 740045,
        "type": "sell"
    },
    {
        "amount": 0.03096723,
        "date": 1501876319,
        "price": 9600,
        "tid": 740046,
        "type": "sell"
    },
    {
        "amount": 0.0222,
        "date": 1501876319,
        "price": 9600,
        "tid": 740047,
        "type": "sell"
    },
    {
        "amount": 0.18683277,
        "date": 1501876319,
        "price": 9600,
        "tid": 740048,
        "type": "sell"
    },
    {
        "amount": 0.00953646,
        "date": 1501876332,
        "price": 9600.00001,
        "tid": 740049,
        "type": "buy"
    },
    {
        "amount": 0.02625,
        "date": 1501876383,
        "price": 9600.00001,
        "tid": 740050,
        "type": "buy"
    },
    {
        "amount": 0.06096,
        "date": 1501876384,
        "price": 9600.00001,
        "tid": 740051,
        "type": "buy"
    },
    {
        "amount": 0.02011667,
        "date": 1501876387,
        "price": 9600.00001,
        "tid": 740052,
        "type": "buy"
    },
    {
        "amount": 0.01041667,
        "date": 1501876401,
        "price": 9600.00001,
        "tid": 740053,
        "type": "buy"
    },
    {
        "amount": 0.00119479,
        "date": 1501876408,
        "price": 9600.00001,
        "tid": 740054,
        "type": "buy"
    },
    {
        "amount": 0.022,
        "date": 1501876447,
        "price": 9600,
        "tid": 740055,
        "type": "sell"
    },
    {
        "amount": 0.01041667,
        "date": 1501876462,
        "price": 9600.00001,
        "tid": 740056,
        "type": "buy"
    },
    {
        "amount": 0.05808,
        "date": 1501876522,
        "price": 9600.00001,
        "tid": 740057,
        "type": "buy"
    },
    {
        "amount": 0.04116723,
        "date": 1501876558,
        "price": 9600,
        "tid": 740058,
        "type": "sell"
    },
    {
        "amount": 0.0053,
        "date": 1501876558,
        "price": 9590,
        "tid": 740059,
        "type": "sell"
    },
    {
        "amount": 0.05372,
        "date": 1501876558,
        "price": 9590,
        "tid": 740060,
        "type": "sell"
    },
    {
        "amount": 0.07901277,
        "date": 1501876558,
        "price": 9587.99989,
        "tid": 740061,
        "type": "sell"
    },
    {
        "amount": 0.05221,
        "date": 1501876690,
        "price": 9580,
        "tid": 740062,
        "type": "sell"
    },
    {
        "amount": 0.0169,
        "date": 1501876709,
        "price": 9580,
        "tid": 740063,
        "type": "sell"
    },
    {
        "amount": 0.00353,
        "date": 1501876713,
        "price": 9580,
        "tid": 740064,
        "type": "sell"
    },
    {
        "amount": 0.20241692,
        "date": 1501876717,
        "price": 9593,
        "tid": 740065,
        "type": "buy"
    },
    {
        "amount": 0.00101,
        "date": 1501876749,
        "price": 9592.99999,
        "tid": 740066,
        "type": "buy"
    },
    {
        "amount": 0.10695299,
        "date": 1501876762,
        "price": 9592.99999,
        "tid": 740067,
        "type": "buy"
    },
    {
        "amount": 0.09601336,
        "date": 1501876788,
        "price": 9581.99999,
        "tid": 740068,
        "type": "buy"
    },
    {
        "amount": 0.00417449,
        "date": 1501876792,
        "price": 9581.99999,
        "tid": 740069,
        "type": "buy"
    },
    {
        "amount": 0.10736,
        "date": 1501876794,
        "price": 9580,
        "tid": 740070,
        "type": "sell"
    },
    {
        "amount": 0.0544,
        "date": 1501876794,
        "price": 9580,
        "tid": 740071,
        "type": "sell"
    },
    {
        "amount": 0.00991649,
        "date": 1501876835,
        "price": 9580,
        "tid": 740072,
        "type": "buy"
    },
    {
        "amount": 0.01001431,
        "date": 1501876898,
        "price": 9575.2999,
        "tid": 740073,
        "type": "buy"
    },
    {
        "amount": 0.00635071,
        "date": 1501876905,
        "price": 9575.2999,
        "tid": 740074,
        "type": "buy"
    },
    {
        "amount": 0.05221769,
        "date": 1501876917,
        "price": 9575.2999,
        "tid": 740075,
        "type": "buy"
    },
    {
        "amount": 0.00993285,
        "date": 1501876925,
        "price": 9575.2999,
        "tid": 740076,
        "type": "buy"
    },
    {
        "amount": 0.0010031,
        "date": 1501876932,
        "price": 9575.188,
        "tid": 740077,
        "type": "sell"
    },
    {
        "amount": 0.0010031,
        "date": 1501876932,
        "price": 9572.7084,
        "tid": 740078,
        "type": "sell"
    },
    {
        "amount": 0.1313,
        "date": 1501876932,
        "price": 9552,
        "tid": 740079,
        "type": "sell"
    },
    {
        "amount": 0.01,
        "date": 1501876932,
        "price": 9551,
        "tid": 740080,
        "type": "sell"
    },
    {
        "amount": 0.003,
        "date": 1501876932,
        "price": 9550,
        "tid": 740081,
        "type": "sell"
    },
    {
        "amount": 0.2693138,
        "date": 1501876932,
        "price": 9550,
        "tid": 740082,
        "type": "sell"
    },
    {
        "amount": 0.00509,
        "date": 1501876956,
        "price": 9550,
        "tid": 740083,
        "type": "sell"
    },
    {
        "amount": 0.00176,
        "date": 1501876970,
        "price": 9572,
        "tid": 740084,
        "type": "buy"
    },
    {
        "amount": 0.00424,
        "date": 1501876970,
        "price": 9573,
        "tid": 740085,
        "type": "buy"
    },
    {
        "amount": 0.04701913,
        "date": 1501876982,
        "price": 9573,
        "tid": 740086,
        "type": "buy"
    },
    {
        "amount": 0.17190087,
        "date": 1501877022,
        "price": 9573,
        "tid": 740087,
        "type": "buy"
    },
    {
        "amount": 0.38165984,
        "date": 1501877022,
        "price": 9575,
        "tid": 740088,
        "type": "buy"
    },
    {
        "amount": 0.00844909,
        "date": 1501877069,
        "price": 9575,
        "tid": 740089,
        "type": "buy"
    },
    {
        "amount": 1.8282312,
        "date": 1501877113,
        "price": 9550,
        "tid": 740090,
        "type": "sell"
    },
    {
        "amount": 0.03062,
        "date": 1501877113,
        "price": 9550,
        "tid": 740091,
        "type": "sell"
    },
    {
        "amount": 0.00559,
        "date": 1501877113,
        "price": 9550,
        "tid": 740092,
        "type": "sell"
    },
    {
        "amount": 0.02454116,
        "date": 1501877113,
        "price": 9535.00001,
        "tid": 740093,
        "type": "sell"
    },
    {
        "amount": 0.09393,
        "date": 1501877113,
        "price": 9532.00002,
        "tid": 740094,
        "type": "sell"
    },
    {
        "amount": 0.00708764,
        "date": 1501877113,
        "price": 9531,
        "tid": 740095,
        "type": "sell"
    },
    {
        "amount": 0.01488,
        "date": 1501877127,
        "price": 9531,
        "tid": 740096,
        "type": "sell"
    },
    {
        "amount": 0.57134,
        "date": 1501877147,
        "price": 9531,
        "tid": 740097,
        "type": "sell"
    },
    {
        "amount": 0.1332,
        "date": 1501877165,
        "price": 9531,
        "tid": 740098,
        "type": "sell"
    },
    {
        "amount": 0.00844,
        "date": 1501877248,
        "price": 9531,
        "tid": 740099,
        "type": "sell"
    },
    {
        "amount": 0.00135,
        "date": 1501877270,
        "price": 9531,
        "tid": 740100,
        "type": "sell"
    },
    {
        "amount": 0.0509567,
        "date": 1501877281,
        "price": 9559.99999,
        "tid": 740101,
        "type": "buy"
    },
    {
        "amount": 0.00101,
        "date": 1501877311,
        "price": 9550,
        "tid": 740102,
        "type": "buy"
    },
    {
        "amount": 0.0094612,
        "date": 1501877358,
        "price": 9550,
        "tid": 740103,
        "type": "buy"
    },
    {
        "amount": 0.0029788,
        "date": 1501877358,
        "price": 9550,
        "tid": 740104,
        "type": "buy"
    },
    {
        "amount": 0.099,
        "date": 1501877369,
        "price": 9531,
        "tid": 740105,
        "type": "sell"
    },
    {
        "amount": 0.00722,
        "date": 1501877383,
        "price": 9540,
        "tid": 740106,
        "type": "buy"
    },
    {
        "amount": 0.35,
        "date": 1501877400,
        "price": 9531,
        "tid": 740107,
        "type": "sell"
    },
    {
        "amount": 0.15966,
        "date": 1501877401,
        "price": 9531,
        "tid": 740108,
        "type": "sell"
    },
    {
        "amount": 0.03639,
        "date": 1501877411,
        "price": 9540,
        "tid": 740109,
        "type": "buy"
    },
    {
        "amount": 0.01,
        "date": 1501877448,
        "price": 9532,
        "tid": 740110,
        "type": "sell"
    },
    {
        "amount": 0.03317,
        "date": 1501877448,
        "price": 9531,
        "tid": 740111,
        "type": "sell"
    },
    {
        "amount": 0.11023,
        "date": 1501877475,
        "price": 9531,
        "tid": 740112,
        "type": "sell"
    },
    {
        "amount": 0.12412,
        "date": 1501877520,
        "price": 9531,
        "tid": 740113,
        "type": "sell"
    },
    {
        "amount": 0.07250797,
        "date": 1501877534,
        "price": 9534.99999,
        "tid": 740114,
        "type": "buy"
    },
    {
        "amount": 0.28407305,
        "date": 1501877534,
        "price": 9535,
        "tid": 740115,
        "type": "buy"
    },
    {
        "amount": 0.03702,
        "date": 1501877564,
        "price": 9531,
        "tid": 740116,
        "type": "sell"
    },
    {
        "amount": 0.00947,
        "date": 1501877592,
        "price": 9531,
        "tid": 740117,
        "type": "sell"
    },
    {
        "amount": 0.05263346,
        "date": 1501877597,
        "price": 9535,
        "tid": 740118,
        "type": "buy"
    },
    {
        "amount": 0.00977337,
        "date": 1501877632,
        "price": 9531.00001,
        "tid": 740119,
        "type": "buy"
    },
    {
        "amount": 0.01858006,
        "date": 1501877685,
        "price": 9531.00001,
        "tid": 740120,
        "type": "buy"
    },
    {
        "amount": 0.00184,
        "date": 1501877692,
        "price": 9531,
        "tid": 740121,
        "type": "sell"
    },
    {
        "amount": 0.001,
        "date": 1501877798,
        "price": 9531,
        "tid": 740122,
        "type": "sell"
    },
    {
        "amount": 0.48011307,
        "date": 1501877830,
        "price": 9531.00001,
        "tid": 740123,
        "type": "buy"
    },
    {
        "amount": 0.21374393,
        "date": 1501877830,
        "price": 9531.00001,
        "tid": 740124,
        "type": "buy"
    },
    {
        "amount": 0.05312,
        "date": 1501877834,
        "price": 9531,
        "tid": 740125,
        "type": "sell"
    },
    {
        "amount": 0.12966949,
        "date": 1501877862,
        "price": 9531.00001,
        "tid": 740126,
        "type": "buy"
    },
    {
        "amount": 0.33282133,
        "date": 1501877863,
        "price": 9531.00001,
        "tid": 740127,
        "type": "buy"
    },
    {
        "amount": 0.02209,
        "date": 1501877877,
        "price": 9531,
        "tid": 740128,
        "type": "sell"
    },
    {
        "amount": 0.00419683,
        "date": 1501877896,
        "price": 9531.00001,
        "tid": 740129,
        "type": "buy"
    },
    {
        "amount": 0.00101,
        "date": 1501877921,
        "price": 9531.00001,
        "tid": 740130,
        "type": "buy"
    },
    {
        "amount": 0.08481833,
        "date": 1501877935,
        "price": 9531,
        "tid": 740131,
        "type": "sell"
    },
    {
        "amount": 0.31636441,
        "date": 1501877941,
        "price": 9531,
        "tid": 740132,
        "type": "sell"
    },
    {
        "amount": 0.00524604,
        "date": 1501877965,
        "price": 9531.00001,
        "tid": 740133,
        "type": "buy"
    },
    {
        "amount": 0.42223,
        "date": 1501877969,
        "price": 9531,
        "tid": 740134,
        "type": "sell"
    },
    {
        "amount": 0.7295,
        "date": 1501877970,
        "price": 9531.00001,
        "tid": 740135,
        "type": "buy"
    },
    {
        "amount": 0.82660962,
        "date": 1501877997,
        "price": 9531,
        "tid": 740136,
        "type": "sell"
    },
    {
        "amount": 0.1049,
        "date": 1501877997,
        "price": 9531,
        "tid": 740137,
        "type": "sell"
    },
    {
        "amount": 0.06849038,
        "date": 1501877997,
        "price": 9531,
        "tid": 740138,
        "type": "sell"
    },
    {
        "amount": 0.01557,
        "date": 1501878050,
        "price": 9531,
        "tid": 740139,
        "type": "sell"
    },
    {
        "amount": 0.00513,
        "date": 1501878050,
        "price": 9531,
        "tid": 740140,
        "type": "sell"
    },
    {
        "amount": 0.01231,
        "date": 1501878112,
        "price": 9531,
        "tid": 740141,
        "type": "sell"
    },
    {
        "amount": 0.00481481,
        "date": 1501878140,
        "price": 9531.00001,
        "tid": 740142,
        "type": "buy"
    },
    {
        "amount": 0.00663309,
        "date": 1501878148,
        "price": 9531.00001,
        "tid": 740143,
        "type": "buy"
    },
    {
        "amount": 0.05215,
        "date": 1501878173,
        "price": 9531,
        "tid": 740144,
        "type": "sell"
    },
    {
        "amount": 0.02077746,
        "date": 1501878245,
        "price": 9531.00001,
        "tid": 740145,
        "type": "buy"
    },
    {
        "amount": 0.05422411,
        "date": 1501878265,
        "price": 9531.00001,
        "tid": 740146,
        "type": "buy"
    },
    {
        "amount": 0.1332,
        "date": 1501878316,
        "price": 9531.00001,
        "tid": 740147,
        "type": "buy"
    },
    {
        "amount": 0.02,
        "date": 1501878328,
        "price": 9531,
        "tid": 740148,
        "type": "sell"
    },
    {
        "amount": 0.00464,
        "date": 1501878339,
        "price": 9531,
        "tid": 740149,
        "type": "sell"
    },
    {
        "amount": 0.18170962,
        "date": 1501878376,
        "price": 9531,
        "tid": 740150,
        "type": "sell"
    },
    {
        "amount": 0.08071038,
        "date": 1501878376,
        "price": 9531,
        "tid": 740151,
        "type": "sell"
    },
    {
        "amount": 0.03288962,
        "date": 1501878395,
        "price": 9531,
        "tid": 740152,
        "type": "sell"
    },
    {
        "amount": 0.01,
        "date": 1501878395,
        "price": 9516.78,
        "tid": 740153,
        "type": "sell"
    },
    {
        "amount": 0.002,
        "date": 1501878395,
        "price": 9510,
        "tid": 740154,
        "type": "sell"
    },
    {
        "amount": 0.05247038,
        "date": 1501878395,
        "price": 9506,
        "tid": 740155,
        "type": "sell"
    },
    {
        "amount": 0.17904,
        "date": 1501878397,
        "price": 9531.00001,
        "tid": 740156,
        "type": "buy"
    },
    {
        "amount": 0.02156,
        "date": 1501878450,
        "price": 9530,
        "tid": 740157,
        "type": "buy"
    },
    {
        "amount": 0.38411323,
        "date": 1501878450,
        "price": 9531.00001,
        "tid": 740158,
        "type": "buy"
    },
    {
        "amount": 0.00155,
        "date": 1501878459,
        "price": 9520,
        "tid": 740159,
        "type": "sell"
    },
    {
        "amount": 0.01049,
        "date": 1501878468,
        "price": 9520,
        "tid": 740160,
        "type": "sell"
    },
    {
        "amount": 0.01545903,
        "date": 1501878477,
        "price": 9531.00001,
        "tid": 740161,
        "type": "buy"
    },
    {
        "amount": 0.00121,
        "date": 1501878504,
        "price": 9520,
        "tid": 740162,
        "type": "sell"
    },
    {
        "amount": 0.00495,
        "date": 1501878520,
        "price": 9530,
        "tid": 740163,
        "type": "buy"
    },
    {
        "amount": 0.09746692,
        "date": 1501878520,
        "price": 9531.00001,
        "tid": 740164,
        "type": "buy"
    },
    {
        "amount": 0.00875,
        "date": 1501878540,
        "price": 9520,
        "tid": 740165,
        "type": "sell"
    },
    {
        "amount": 0.00491,
        "date": 1501878559,
        "price": 9520,
        "tid": 740166,
        "type": "sell"
    },
    {
        "amount": 0.00979036,
        "date": 1501878797,
        "price": 9540,
        "tid": 740167,
        "type": "buy"
    },
    {
        "amount": 0.36568,
        "date": 1501878889,
        "price": 9540,
        "tid": 740168,
        "type": "buy"
    },
    {
        "amount": 0.02,
        "date": 1501878917,
        "price": 9540,
        "tid": 740169,
        "type": "buy"
    },
    {
        "amount": 0.00597,
        "date": 1501878976,
        "price": 9540,
        "tid": 740170,
        "type": "buy"
    },
    {
        "amount": 0.0015,
        "date": 1501878977,
        "price": 9532,
        "tid": 740171,
        "type": "sell"
    },
    {
        "amount": 0.10726537,
        "date": 1501878977,
        "price": 9520,
        "tid": 740172,
        "type": "sell"
    },
    {
        "amount": 0.00133463,
        "date": 1501879026,
        "price": 9520,
        "tid": 740173,
        "type": "sell"
    },
    {
        "amount": 0.005,
        "date": 1501879090,
        "price": 9516.01,
        "tid": 740174,
        "type": "sell"
    },
    {
        "amount": 0.00288,
        "date": 1501879105,
        "price": 9516.01,
        "tid": 740175,
        "type": "sell"
    },
    {
        "amount": 0.02312,
        "date": 1501879137,
        "price": 9516.01,
        "tid": 740176,
        "type": "sell"
    },
    {
        "amount": 0.0026,
        "date": 1501879138,
        "price": 9510,
        "tid": 740177,
        "type": "buy"
    },
    {
        "amount": 0.08157,
        "date": 1501879173,
        "price": 9506,
        "tid": 740178,
        "type": "sell"
    },
    {
        "amount": 0.01955,
        "date": 1501879185,
        "price": 9506,
        "tid": 740179,
        "type": "sell"
    },
    {
        "amount": 0.00774537,
        "date": 1501879232,
        "price": 9520,
        "tid": 740180,
        "type": "buy"
    },
    {
        "amount": 0.00143722,
        "date": 1501879232,
        "price": 9539.999,
        "tid": 740181,
        "type": "buy"
    },
    {
        "amount": 0.00080325,
        "date": 1501879232,
        "price": 9540,
        "tid": 740182,
        "type": "buy"
    },
    {
        "amount": 0.09640962,
        "date": 1501879233,
        "price": 9506,
        "tid": 740183,
        "type": "sell"
    },
    {
        "amount": 0.0010031,
        "date": 1501879233,
        "price": 9506,
        "tid": 740184,
        "type": "sell"
    },
    {
        "amount": 0.0010031,
        "date": 1501879233,
        "price": 9505.9902,
        "tid": 740185,
        "type": "sell"
    },
    {
        "amount": 0.0010031,
        "date": 1501879233,
        "price": 9505.9902,
        "tid": 740186,
        "type": "sell"
    },
    {
        "amount": 0.0010031,
        "date": 1501879233,
        "price": 9505.91859,
        "tid": 740187,
        "type": "sell"
    },
    {
        "amount": 0.3,
        "date": 1501879233,
        "price": 9502,
        "tid": 740188,
        "type": "sell"
    },
    {
        "amount": 0.01,
        "date": 1501879233,
        "price": 9501,
        "tid": 740189,
        "type": "sell"
    },
    {
        "amount": 0.05914798,
        "date": 1501879233,
        "price": 9500.00011,
        "tid": 740190,
        "type": "sell"
    },
    {
        "amount": 0.0028522,
        "date": 1501879234,
        "price": 9540,
        "tid": 740191,
        "type": "buy"
    },
    {
        "amount": 0.14145202,
        "date": 1501879235,
        "price": 9500.00011,
        "tid": 740192,
        "type": "sell"
    },
    {
        "amount": 0.01639,
        "date": 1501879235,
        "price": 9500,
        "tid": 740193,
        "type": "sell"
    },
    {
        "amount": 0.195,
        "date": 1501879235,
        "price": 9500,
        "tid": 740194,
        "type": "sell"
    },
    {
        "amount": 0.0126,
        "date": 1501879235,
        "price": 9500,
        "tid": 740195,
        "type": "sell"
    },
    {
        "amount": 0.05309,
        "date": 1501879235,
        "price": 9500,
        "tid": 740196,
        "type": "sell"
    },
    {
        "amount": 0.04104,
        "date": 1501879235,
        "price": 9500,
        "tid": 740197,
        "type": "sell"
    },
    {
        "amount": 0.1,
        "date": 1501879235,
        "price": 9500,
        "tid": 740198,
        "type": "sell"
    },
    {
        "amount": 0.14396798,
        "date": 1501879235,
        "price": 9500,
        "tid": 740199,
        "type": "sell"
    },
    {
        "amount": 0.00126223,
        "date": 1501879249,
        "price": 9501.999,
        "tid": 740200,
        "type": "buy"
    },
    {
        "amount": 0.00505157,
        "date": 1501879298,
        "price": 9501.999,
        "tid": 740201,
        "type": "buy"
    },
    {
        "amount": 0.0436862,
        "date": 1501879302,
        "price": 9501.999,
        "tid": 740202,
        "type": "buy"
    },
    {
        "amount": 0.04588419,
        "date": 1501879302,
        "price": 9540,
        "tid": 740203,
        "type": "buy"
    },
    {
        "amount": 0.03222,
        "date": 1501879302,
        "price": 9545.99999,
        "tid": 740204,
        "type": "buy"
    },
    {
        "amount": 0.03444,
        "date": 1501879302,
        "price": 9554.9999,
        "tid": 740205,
        "type": "buy"
    },
    {
        "amount": 0.03334,
        "date": 1501879302,
        "price": 9565.99999,
        "tid": 740206,
        "type": "buy"
    },
    {
        "amount": 1.34596961,
        "date": 1501879302,
        "price": 9575,
        "tid": 740207,
        "type": "buy"
    },
    {
        "amount": 0.15,
        "date": 1501879310,
        "price": 9501,
        "tid": 740208,
        "type": "sell"
    },
    {
        "amount": 0.09018,
        "date": 1501879316,
        "price": 9501,
        "tid": 740209,
        "type": "sell"
    },
    {
        "amount": 0.10461,
        "date": 1501879341,
        "price": 9520,
        "tid": 740210,
        "type": "buy"
    },
    {
        "amount": 0.24733146,
        "date": 1501879341,
        "price": 9575,
        "tid": 740211,
        "type": "buy"
    },
    {
        "amount": 0.0232,
        "date": 1501879341,
        "price": 9575,
        "tid": 740212,
        "type": "buy"
    },
    {
        "amount": 0.02832351,
        "date": 1501879341,
        "price": 9580,
        "tid": 740213,
        "type": "buy"
    },
    {
        "amount": 0.00997,
        "date": 1501879341,
        "price": 9632,
        "tid": 740214,
        "type": "buy"
    },
    {
        "amount": 0.00997,
        "date": 1501879341,
        "price": 9651,
        "tid": 740215,
        "type": "buy"
    },
    {
        "amount": 0.00310559,
        "date": 1501879341,
        "price": 9660,
        "tid": 740216,
        "type": "buy"
    },
    {
        "amount": 0.03613,
        "date": 1501879341,
        "price": 9668.99995,
        "tid": 740217,
        "type": "buy"
    },
    {
        "amount": 0.01447926,
        "date": 1501879341,
        "price": 9669,
        "tid": 740218,
        "type": "buy"
    },
    {
        "amount": 0.00258451,
        "date": 1501879341,
        "price": 9673,
        "tid": 740219,
        "type": "buy"
    },
    {
        "amount": 0.49774,
        "date": 1501879341,
        "price": 9674.98,
        "tid": 740220,
        "type": "buy"
    },
    {
        "amount": 0.04013622,
        "date": 1501879341,
        "price": 9675,
        "tid": 740221,
        "type": "buy"
    },
    {
        "amount": 0.0106,
        "date": 1501879362,
        "price": 9501.02201,
        "tid": 740222,
        "type": "sell"
    },
    {
        "amount": 0.03009096,
        "date": 1501879390,
        "price": 9674.99898,
        "tid": 740223,
        "type": "buy"
    },
    {
        "amount": 0.148026,
        "date": 1501879393,
        "price": 9674.99898,
        "tid": 740224,
        "type": "buy"
    },
    {
        "amount": 0.0377,
        "date": 1501879393,
        "price": 9674.99898,
        "tid": 740225,
        "type": "buy"
    },
    {
        "amount": 0.0105682,
        "date": 1501879393,
        "price": 9674.99899,
        "tid": 740226,
        "type": "buy"
    },
    {
        "amount": 0.33021745,
        "date": 1501879393,
        "price": 9675,
        "tid": 740227,
        "type": "buy"
    },
    {
        "amount": 0.00475452,
        "date": 1501879394,
        "price": 9675,
        "tid": 740228,
        "type": "buy"
    },
    {
        "amount": 0.10132,
        "date": 1501879473,
        "price": 9502.075,
        "tid": 740229,
        "type": "sell"
    },
    {
        "amount": 0.00398,
        "date": 1501879495,
        "price": 9502.07602,
        "tid": 740230,
        "type": "sell"
    },
    {
        "amount": 0.0041,
        "date": 1501879507,
        "price": 9502.07603,
        "tid": 740231,
        "type": "sell"
    },
    {
        "amount": 0.00579,
        "date": 1501879566,
        "price": 9502.0761,
        "tid": 740232,
        "type": "sell"
    },
    {
        "amount": 0.01997004,
        "date": 1501879628,
        "price": 9673.99,
        "tid": 740233,
        "type": "buy"
    },
    {
        "amount": 0.08175,
        "date": 1501879684,
        "price": 9502.09105,
        "tid": 740234,
        "type": "sell"
    },
    {
        "amount": 0.06050054,
        "date": 1501879722,
        "price": 9671.97999,
        "tid": 740235,
        "type": "buy"
    },
    {
        "amount": 0.01075064,
        "date": 1501879733,
        "price": 9671.97999,
        "tid": 740236,
        "type": "buy"
    },
    {
        "amount": 0.01108,
        "date": 1501879750,
        "price": 9671.96998,
        "tid": 740237,
        "type": "buy"
    },
    {
        "amount": 0.06007,
        "date": 1501879843,
        "price": 9520.122,
        "tid": 740238,
        "type": "sell"
    },
    {
        "amount": 0.11029,
        "date": 1501879880,
        "price": 9520.16601,
        "tid": 740239,
        "type": "sell"
    },
    {
        "amount": 0.00458274,
        "date": 1501879880,
        "price": 9520.16501,
        "tid": 740240,
        "type": "sell"
    },
    {
        "amount": 0.01,
        "date": 1501879891,
        "price": 9520.16602,
        "tid": 740241,
        "type": "sell"
    },
    {
        "amount": 0.10029,
        "date": 1501879901,
        "price": 9520.16602,
        "tid": 740242,
        "type": "sell"
    },
    {
        "amount": 0.12413,
        "date": 1501879901,
        "price": 9520.11,
        "tid": 740243,
        "type": "sell"
    },
    {
        "amount": 0.02,
        "date": 1501879903,
        "price": 9520.16603,
        "tid": 740244,
        "type": "sell"
    },
    {
        "amount": 0.0220154,
        "date": 1501879938,
        "price": 9669.8889,
        "tid": 740245,
        "type": "buy"
    },
    {
        "amount": 0.00307899,
        "date": 1501879939,
        "price": 9669.89899,
        "tid": 740246,
        "type": "buy"
    },
    {
        "amount": 0.01997543,
        "date": 1501879954,
        "price": 9667.878,
        "tid": 740247,
        "type": "buy"
    },
    {
        "amount": 0.01919,
        "date": 1501880001,
        "price": 9520.23306,
        "tid": 740248,
        "type": "sell"
    },
    {
        "amount": 0.00984182,
        "date": 1501880016,
        "price": 9663.867,
        "tid": 740249,
        "type": "buy"
    },
    {
        "amount": 0.00543,
        "date": 1501880099,
        "price": 9520.31006,
        "tid": 740250,
        "type": "sell"
    },
    {
        "amount": 0.01998,
        "date": 1501880123,
        "price": 9658.97799,
        "tid": 740251,
        "type": "buy"
    },
    {
        "amount": 0.00630294,
        "date": 1501880124,
        "price": 9658.97798,
        "tid": 740252,
        "type": "buy"
    },
    {
        "amount": 0.0152,
        "date": 1501880171,
        "price": 9523.02001,
        "tid": 740253,
        "type": "sell"
    },
    {
        "amount": 0.00123125,
        "date": 1501880198,
        "price": 9599.99898,
        "tid": 740254,
        "type": "buy"
    },
    {
        "amount": 0.00286667,
        "date": 1501880231,
        "price": 9599.99896,
        "tid": 740255,
        "type": "buy"
    },
    {
        "amount": 0.00583542,
        "date": 1501880266,
        "price": 9599.99894,
        "tid": 740256,
        "type": "buy"
    },
    {
        "amount": 0.03125,
        "date": 1501880289,
        "price": 9599.99893,
        "tid": 740257,
        "type": "buy"
    },
    {
        "amount": 0.00139,
        "date": 1501880302,
        "price": 9527.80973,
        "tid": 740258,
        "type": "sell"
    },
    {
        "amount": 0.02146875,
        "date": 1501880307,
        "price": 9599.99892,
        "tid": 740259,
        "type": "buy"
    },
    {
        "amount": 0.11699,
        "date": 1501880310,
        "price": 9527.80974,
        "tid": 740260,
        "type": "sell"
    },
    {
        "amount": 0.00469896,
        "date": 1501880327,
        "price": 9599.9989,
        "tid": 740261,
        "type": "buy"
    },
    {
        "amount": 0.00984,
        "date": 1501880357,
        "price": 9527.80972,
        "tid": 740262,
        "type": "sell"
    },
    {
        "amount": 0.11663903,
        "date": 1501880363,
        "price": 9598.99998,
        "tid": 740263,
        "type": "buy"
    },
    {
        "amount": 0.18937201,
        "date": 1501880363,
        "price": 9598.99999,
        "tid": 740264,
        "type": "buy"
    },
    {
        "amount": 0.00609,
        "date": 1501880422,
        "price": 9527.80975,
        "tid": 740265,
        "type": "sell"
    },
    {
        "amount": 0.6362852,
        "date": 1501880432,
        "price": 9527.80975,
        "tid": 740266,
        "type": "sell"
    },
    {
        "amount": 0.0884048,
        "date": 1501880432,
        "price": 9527.80974,
        "tid": 740267,
        "type": "sell"
    },
    {
        "amount": 0.00989686,
        "date": 1501880450,
        "price": 9598.99999,
        "tid": 740268,
        "type": "buy"
    },
    {
        "amount": 0.11077543,
        "date": 1501880478,
        "price": 9598.99988,
        "tid": 740269,
        "type": "buy"
    },
    {
        "amount": 0.05444498,
        "date": 1501880478,
        "price": 9598.99988,
        "tid": 740270,
        "type": "buy"
    },
    {
        "amount": 0.09339492,
        "date": 1501880478,
        "price": 9598.99988,
        "tid": 740271,
        "type": "buy"
    },
    {
        "amount": 0.4044301,
        "date": 1501880478,
        "price": 9598.99989,
        "tid": 740272,
        "type": "sell"
    },
    {
        "amount": 0.01041775,
        "date": 1501880500,
        "price": 9599,
        "tid": 740273,
        "type": "buy"
    },
    {
        "amount": 0.00137,
        "date": 1501880621,
        "price": 9527.9999,
        "tid": 740274,
        "type": "sell"
    },
    {
        "amount": 0.05863,
        "date": 1501880621,
        "price": 9527.80972,
        "tid": 740275,
        "type": "sell"
    },
    {
        "amount": 0.04137,
        "date": 1501880749,
        "price": 9527.80972,
        "tid": 740276,
        "type": "sell"
    },
    {
        "amount": 0.02,
        "date": 1501880749,
        "price": 9527,
        "tid": 740277,
        "type": "sell"
    },
    {
        "amount": 0.06863,
        "date": 1501880749,
        "price": 9523,
        "tid": 740278,
        "type": "sell"
    },
    {
        "amount": 0.1627628,
        "date": 1501880756,
        "price": 9598.999,
        "tid": 740279,
        "type": "buy"
    },
    {
        "amount": 0.00552,
        "date": 1501880789,
        "price": 9523.00001,
        "tid": 740280,
        "type": "sell"
    },
    {
        "amount": 0.00563,
        "date": 1501880795,
        "price": 9589.09999,
        "tid": 740281,
        "type": "buy"
    },
    {
        "amount": 0.08508724,
        "date": 1501880821,
        "price": 9589.09897,
        "tid": 740282,
        "type": "buy"
    },
    {
        "amount": 0.00698,
        "date": 1501880846,
        "price": 9523.00001,
        "tid": 740283,
        "type": "sell"
    },
    {
        "amount": 0.0406,
        "date": 1501880880,
        "price": 9587.99999,
        "tid": 740284,
        "type": "buy"
    },
    {
        "amount": 0.11077,
        "date": 1501880922,
        "price": 9523.00001,
        "tid": 740285,
        "type": "sell"
    },
    {
        "amount": 0.0577,
        "date": 1501881069,
        "price": 9523.02001,
        "tid": 740286,
        "type": "sell"
    },
    {
        "amount": 0.00784,
        "date": 1501881069,
        "price": 9523.02,
        "tid": 740287,
        "type": "sell"
    },
    {
        "amount": 0.40895198,
        "date": 1501881154,
        "price": 9580,
        "tid": 740288,
        "type": "buy"
    },
    {
        "amount": 0.00499496,
        "date": 1501881179,
        "price": 9579.98,
        "tid": 740289,
        "type": "buy"
    },
    {
        "amount": 0.01189982,
        "date": 1501881217,
        "price": 9579.98,
        "tid": 740290,
        "type": "buy"
    },
    {
        "amount": 0.00146138,
        "date": 1501881232,
        "price": 9579.98,
        "tid": 740291,
        "type": "buy"
    },
    {
        "amount": 0.11321384,
        "date": 1501881251,
        "price": 9579.98,
        "tid": 740292,
        "type": "buy"
    },
    {
        "amount": 0.01414,
        "date": 1501881251,
        "price": 9579.98,
        "tid": 740293,
        "type": "buy"
    },
    {
        "amount": 0.12452534,
        "date": 1501881251,
        "price": 9580,
        "tid": 740294,
        "type": "buy"
    },
    {
        "amount": 0.01309164,
        "date": 1501881253,
        "price": 9580,
        "tid": 740295,
        "type": "buy"
    },
    {
        "amount": 0.02303104,
        "date": 1501881366,
        "price": 9580,
        "tid": 740296,
        "type": "buy"
    },
    {
        "amount": 0.00828247,
        "date": 1501881366,
        "price": 9581.9999,
        "tid": 740297,
        "type": "buy"
    },
    {
        "amount": 0.00153,
        "date": 1501881383,
        "price": 9523.02,
        "tid": 740298,
        "type": "sell"
    },
    {
        "amount": 0.00555753,
        "date": 1501881563,
        "price": 9581.9999,
        "tid": 740299,
        "type": "buy"
    },
    {
        "amount": 0.02415297,
        "date": 1501881563,
        "price": 9594.99998,
        "tid": 740300,
        "type": "buy"
    },
    {
        "amount": 0.02154,
        "date": 1501881607,
        "price": 9524,
        "tid": 740301,
        "type": "sell"
    },
    {
        "amount": 0.02047,
        "date": 1501881607,
        "price": 9523.02,
        "tid": 740302,
        "type": "sell"
    },
    {
        "amount": 0.01195,
        "date": 1501881607,
        "price": 9523,
        "tid": 740303,
        "type": "sell"
    },
    {
        "amount": 0.00975,
        "date": 1501881620,
        "price": 9523.02,
        "tid": 740304,
        "type": "buy"
    },
    {
        "amount": 0.0065,
        "date": 1501881744,
        "price": 9523.03,
        "tid": 740305,
        "type": "sell"
    },
    {
        "amount": 0.00189474,
        "date": 1501881767,
        "price": 9594.99782,
        "tid": 740306,
        "type": "buy"
    },
    {
        "amount": 0.0124023,
        "date": 1501881771,
        "price": 9594.99793,
        "tid": 740307,
        "type": "buy"
    },
    {
        "amount": 0.01021261,
        "date": 1501881827,
        "price": 9594.99793,
        "tid": 740308,
        "type": "buy"
    },
    {
        "amount": 0.34,
        "date": 1501881933,
        "price": 9593.8879,
        "tid": 740309,
        "type": "buy"
    },
    {
        "amount": 0.06356285,
        "date": 1501881933,
        "price": 9593.88899,
        "tid": 740310,
        "type": "buy"
    },
    {
        "amount": 0.01493275,
        "date": 1501881933,
        "price": 9593.89119,
        "tid": 740311,
        "type": "buy"
    },
    {
        "amount": 0.0011,
        "date": 1501882011,
        "price": 9527.889,
        "tid": 740312,
        "type": "sell"
    },
    {
        "amount": 0.04330798,
        "date": 1501882020,
        "price": 9594.99793,
        "tid": 740313,
        "type": "buy"
    },
    {
        "amount": 0.10695781,
        "date": 1501882045,
        "price": 9594.99793,
        "tid": 740314,
        "type": "buy"
    },
    {
        "amount": 0.0158,
        "date": 1501882064,
        "price": 9527.889,
        "tid": 740315,
        "type": "sell"
    },
    {
        "amount": 0.02382,
        "date": 1501882064,
        "price": 9527.889,
        "tid": 740316,
        "type": "sell"
    },
    {
        "amount": 0.05393165,
        "date": 1501882103,
        "price": 9589.99999,
        "tid": 740317,
        "type": "buy"
    },
    {
        "amount": 0.04796616,
        "date": 1501882103,
        "price": 9590,
        "tid": 740318,
        "type": "buy"
    },
    {
        "amount": 0.05628884,
        "date": 1501882105,
        "price": 9590,
        "tid": 740319,
        "type": "buy"
    },
    {
        "amount": 0.009825,
        "date": 1501882111,
        "price": 9590,
        "tid": 740320,
        "type": "buy"
    },
    {
        "amount": 0.09712364,
        "date": 1501882111,
        "price": 9594.99794,
        "tid": 740321,
        "type": "buy"
    },
    {
        "amount": 0.01563419,
        "date": 1501882188,
        "price": 9594.99794,
        "tid": 740322,
        "type": "buy"
    },
    {
        "amount": 0.00885356,
        "date": 1501882264,
        "price": 9594.99794,
        "tid": 740323,
        "type": "buy"
    },
    {
        "amount": 0.08071,
        "date": 1501882264,
        "price": 9595,
        "tid": 740324,
        "type": "buy"
    },
    {
        "amount": 0.00288275,
        "date": 1501882264,
        "price": 9596,
        "tid": 740325,
        "type": "buy"
    },
    {
        "amount": 0.00368662,
        "date": 1501882264,
        "price": 9599,
        "tid": 740326,
        "type": "buy"
    },
    {
        "amount": 0.00155,
        "date": 1501882281,
        "price": 9527.88901,
        "tid": 740327,
        "type": "sell"
    },
    {
        "amount": 0.10406,
        "date": 1501882306,
        "price": 9527.88903,
        "tid": 740328,
        "type": "sell"
    },
    {
        "amount": 0.00854563,
        "date": 1501882312,
        "price": 9599,
        "tid": 740329,
        "type": "buy"
    },
    {
        "amount": 0.02097188,
        "date": 1501882319,
        "price": 9600,
        "tid": 740330,
        "type": "buy"
    },
    {
        "amount": 0.00364583,
        "date": 1501882326,
        "price": 9600,
        "tid": 740331,
        "type": "buy"
    },
    {
        "amount": 0.01091,
        "date": 1501882339,
        "price": 9599,
        "tid": 740332,
        "type": "sell"
    },
    {
        "amount": 0.0587,
        "date": 1501882394,
        "price": 9599,
        "tid": 740333,
        "type": "sell"
    },
    {
        "amount": 0.02257084,
        "date": 1501882416,
        "price": 9599,
        "tid": 740334,
        "type": "sell"
    },
    {
        "amount": 0.10178248,
        "date": 1501882418,
        "price": 9600,
        "tid": 740335,
        "type": "buy"
    },
    {
        "amount": 0.6234255,
        "date": 1501882421,
        "price": 9600,
        "tid": 740336,
        "type": "buy"
    },
    {
        "amount": 0.00377,
        "date": 1501882421,
        "price": 9600,
        "tid": 740337,
        "type": "buy"
    },
    {
        "amount": 0.02,
        "date": 1501882421,
        "price": 9626,
        "tid": 740338,
        "type": "buy"
    },
    {
        "amount": 0.16812,
        "date": 1501882421,
        "price": 9627,
        "tid": 740339,
        "type": "buy"
    },
    {
        "amount": 0.33367309,
        "date": 1501882421,
        "price": 9649.9,
        "tid": 740340,
        "type": "buy"
    },
    {
        "amount": 0.03984163,
        "date": 1501882508,
        "price": 9600.01,
        "tid": 740341,
        "type": "sell"
    },
    {
        "amount": 0.05213353,
        "date": 1501882508,
        "price": 9599,
        "tid": 740342,
        "type": "sell"
    },
    {
        "amount": 0.01802484,
        "date": 1501882508,
        "price": 9595,
        "tid": 740343,
        "type": "sell"
    },
    {
        "amount": 0.00922,
        "date": 1501882561,
        "price": 9599.01,
        "tid": 740344,
        "type": "sell"
    },
    {
        "amount": 0.10426293,
        "date": 1501882561,
        "price": 9595,
        "tid": 740345,
        "type": "sell"
    },
    {
        "amount": 0.01651707,
        "date": 1501882561,
        "price": 9532.00008,
        "tid": 740346,
        "type": "sell"
    },
    {
        "amount": 0.00149668,
        "date": 1501882604,
        "price": 9648,
        "tid": 740347,
        "type": "buy"
    },
    {
        "amount": 0.01925,
        "date": 1501882628,
        "price": 9532.06508,
        "tid": 740348,
        "type": "sell"
    },
    {
        "amount": 0.00518242,
        "date": 1501882631,
        "price": 9647.99999,
        "tid": 740349,
        "type": "buy"
    },
    {
        "amount": 0.00984875,
        "date": 1501882720,
        "price": 9645.89,
        "tid": 740350,
        "type": "buy"
    },
    {
        "amount": 0.00248,
        "date": 1501882743,
        "price": 9537.96099,
        "tid": 740351,
        "type": "sell"
    },
    {
        "amount": 0.00106,
        "date": 1501882755,
        "price": 9537.961,
        "tid": 740352,
        "type": "sell"
    },
    {
        "amount": 0.00246,
        "date": 1501882758,
        "price": 9537.961,
        "tid": 740353,
        "type": "sell"
    },
    {
        "amount": 0.0017,
        "date": 1501882824,
        "price": 9537.96105,
        "tid": 740354,
        "type": "sell"
    },
    {
        "amount": 0.09537453,
        "date": 1501882835,
        "price": 9645.657,
        "tid": 740355,
        "type": "buy"
    },
    {
        "amount": 0.36,
        "date": 1501882850,
        "price": 9537.96101,
        "tid": 740356,
        "type": "sell"
    },
    {
        "amount": 0.00108,
        "date": 1501882862,
        "price": 9537.96098,
        "tid": 740357,
        "type": "sell"
    },
    {
        "amount": 0.1794647,
        "date": 1501882869,
        "price": 9537.96099,
        "tid": 740358,
        "type": "sell"
    },
    {
        "amount": 0.17326,
        "date": 1501882869,
        "price": 9537.96097,
        "tid": 740359,
        "type": "sell"
    },
    {
        "amount": 0.11009,
        "date": 1501882869,
        "price": 9537.96096,
        "tid": 740360,
        "type": "sell"
    },
    {
        "amount": 0.02519,
        "date": 1501882869,
        "price": 9537.95996,
        "tid": 740361,
        "type": "sell"
    },
    {
        "amount": 0.22595,
        "date": 1501882869,
        "price": 9534,
        "tid": 740362,
        "type": "sell"
    },
    {
        "amount": 0.00289423,
        "date": 1501882869,
        "price": 9530,
        "tid": 740363,
        "type": "sell"
    },
    {
        "amount": 0.02258211,
        "date": 1501882869,
        "price": 9527.01,
        "tid": 740364,
        "type": "sell"
    },
    {
        "amount": 0.01458,
        "date": 1501882869,
        "price": 9527,
        "tid": 740365,
        "type": "sell"
    },
    {
        "amount": 0.022,
        "date": 1501882869,
        "price": 9523.1,
        "tid": 740366,
        "type": "sell"
    },
    {
        "amount": 0.01942,
        "date": 1501882869,
        "price": 9523,
        "tid": 740367,
        "type": "sell"
    },
    {
        "amount": 0.0379,
        "date": 1501882869,
        "price": 9520,
        "tid": 740368,
        "type": "sell"
    },
    {
        "amount": 0.05,
        "date": 1501882869,
        "price": 9520,
        "tid": 740369,
        "type": "sell"
    },
    {
        "amount": 0.15225,
        "date": 1501882869,
        "price": 9505.01003,
        "tid": 740370,
        "type": "sell"
    },
    {
        "amount": 0.15703,
        "date": 1501882869,
        "price": 9505.01,
        "tid": 740371,
        "type": "sell"
    },
    {
        "amount": 0.01,
        "date": 1501882869,
        "price": 9503,
        "tid": 740372,
        "type": "sell"
    },
    {
        "amount": 0.71174,
        "date": 1501882869,
        "price": 9502,
        "tid": 740373,
        "type": "sell"
    },
    {
        "amount": 0.18564896,
        "date": 1501882869,
        "price": 9501,
        "tid": 740374,
        "type": "sell"
    },
    {
        "amount": 0.00691,
        "date": 1501882888,
        "price": 9501.001,
        "tid": 740375,
        "type": "sell"
    },
    {
        "amount": 0.00923,
        "date": 1501882888,
        "price": 9501.001,
        "tid": 740376,
        "type": "sell"
    },
    {
        "amount": 0.12795,
        "date": 1501882928,
        "price": 9501.00103,
        "tid": 740377,
        "type": "sell"
    },
    {
        "amount": 0.09437,
        "date": 1501882928,
        "price": 9501.001,
        "tid": 740378,
        "type": "sell"
    },
    {
        "amount": 0.00943,
        "date": 1501882928,
        "price": 9501,
        "tid": 740379,
        "type": "sell"
    },
    {
        "amount": 0.1105,
        "date": 1501883025,
        "price": 9502.00203,
        "tid": 740380,
        "type": "sell"
    },
    {
        "amount": 0.0895,
        "date": 1501883025,
        "price": 9502.00103,
        "tid": 740381,
        "type": "sell"
    },
    {
        "amount": 0.56463,
        "date": 1501883038,
        "price": 9640.679,
        "tid": 740382,
        "type": "buy"
    },
    {
        "amount": 0.0244979,
        "date": 1501883038,
        "price": 9640.691,
        "tid": 740383,
        "type": "buy"
    },
    {
        "amount": 0.36046535,
        "date": 1501883038,
        "price": 9640.73399,
        "tid": 740384,
        "type": "buy"
    },
    {
        "amount": 0.0985654,
        "date": 1501883038,
        "price": 9640.73399,
        "tid": 740385,
        "type": "buy"
    },
    {
        "amount": 0.06268,
        "date": 1501883038,
        "price": 9640.73399,
        "tid": 740386,
        "type": "buy"
    },
    {
        "amount": 0.17998313,
        "date": 1501883038,
        "price": 9640.74498,
        "tid": 740387,
        "type": "buy"
    },
    {
        "amount": 0.02512,
        "date": 1501883038,
        "price": 9643,
        "tid": 740388,
        "type": "buy"
    },
    {
        "amount": 0.20861972,
        "date": 1501883038,
        "price": 9644,
        "tid": 740389,
        "type": "buy"
    },
    {
        "amount": 0.00913,
        "date": 1501883043,
        "price": 9502.01203,
        "tid": 740390,
        "type": "sell"
    },
    {
        "amount": 0.00195629,
        "date": 1501883053,
        "price": 9640.68999,
        "tid": 740391,
        "type": "buy"
    },
    {
        "amount": 0.05051328,
        "date": 1501883060,
        "price": 9643.999,
        "tid": 740392,
        "type": "buy"
    },
    {
        "amount": 0.00398,
        "date": 1501883079,
        "price": 9502.04603,
        "tid": 740393,
        "type": "sell"
    },
    {
        "amount": 0.001,
        "date": 1501883117,
        "price": 9590,
        "tid": 740394,
        "type": "buy"
    },
    {
        "amount": 0.00797396,
        "date": 1501883117,
        "price": 9599.99899,
        "tid": 740395,
        "type": "buy"
    },
    {
        "amount": 0.00148,
        "date": 1501883128,
        "price": 9503.021,
        "tid": 740396,
        "type": "sell"
    },
    {
        "amount": 0.001,
        "date": 1501883156,
        "price": 9550,
        "tid": 740397,
        "type": "buy"
    },
    {
        "amount": 0.02016,
        "date": 1501883195,
        "price": 9578,
        "tid": 740398,
        "type": "buy"
    },
    {
        "amount": 0.00848,
        "date": 1501883227,
        "price": 9550,
        "tid": 740399,
        "type": "sell"
    },
    {
        "amount": 0.0023681,
        "date": 1501883227,
        "price": 9504.00002,
        "tid": 740400,
        "type": "sell"
    },
    {
        "amount": 0.0053,
        "date": 1501883237,
        "price": 9504.00004,
        "tid": 740401,
        "type": "sell"
    },
    {
        "amount": 0.01455,
        "date": 1501883246,
        "price": 9504.00005,
        "tid": 740402,
        "type": "sell"
    },
    {
        "amount": 0.00273,
        "date": 1501883298,
        "price": 9504.00005,
        "tid": 740403,
        "type": "sell"
    },
    {
        "amount": 0.00554,
        "date": 1501883298,
        "price": 9504.00001,
        "tid": 740404,
        "type": "sell"
    },
    {
        "amount": 0.05220297,
        "date": 1501883320,
        "price": 9577.99894,
        "tid": 740405,
        "type": "buy"
    },
    {
        "amount": 0.27,
        "date": 1501883398,
        "price": 9504.00063,
        "tid": 740406,
        "type": "sell"
    },
    {
        "amount": 0.0067,
        "date": 1501883425,
        "price": 9504.00062,
        "tid": 740407,
        "type": "sell"
    },
    {
        "amount": 0.01450635,
        "date": 1501883439,
        "price": 9577.99895,
        "tid": 740408,
        "type": "buy"
    },
    {
        "amount": 0.13494594,
        "date": 1501883439,
        "price": 9577.99898,
        "tid": 740409,
        "type": "buy"
    },
    {
        "amount": 0.28356148,
        "date": 1501883439,
        "price": 9577.99899,
        "tid": 740410,
        "type": "buy"
    },
    {
        "amount": 0.61109883,
        "date": 1501883439,
        "price": 9578,
        "tid": 740411,
        "type": "buy"
    },
    {
        "amount": 0.04468,
        "date": 1501883440,
        "price": 9504.00062,
        "tid": 740412,
        "type": "sell"
    },
    {
        "amount": 0.04454596,
        "date": 1501883458,
        "price": 9577.99999,
        "tid": 740413,
        "type": "buy"
    },
    {
        "amount": 0.13920848,
        "date": 1501883458,
        "price": 9578,
        "tid": 740414,
        "type": "buy"
    },
    {
        "amount": 0.09347194,
        "date": 1501883500,
        "price": 9578,
        "tid": 740415,
        "type": "buy"
    },
    {
        "amount": 0.00288555,
        "date": 1501883500,
        "price": 9579.2,
        "tid": 740416,
        "type": "buy"
    },
    {
        "amount": 0.001,
        "date": 1501883500,
        "price": 9580,
        "tid": 740417,
        "type": "buy"
    },
    {
        "amount": 0.007,
        "date": 1501883500,
        "price": 9580,
        "tid": 740418,
        "type": "buy"
    },
    {
        "amount": 0.271551,
        "date": 1501883500,
        "price": 9599.99999,
        "tid": 740419,
        "type": "buy"
    },
    {
        "amount": 0.001,
        "date": 1501883500,
        "price": 9600,
        "tid": 740420,
        "type": "buy"
    },
    {
        "amount": 0.03956,
        "date": 1501883500,
        "price": 9600,
        "tid": 740421,
        "type": "buy"
    },
    {
        "amount": 0.00223,
        "date": 1501883500,
        "price": 9604,
        "tid": 740422,
        "type": "buy"
    },
    {
        "amount": 0.001,
        "date": 1501883500,
        "price": 9605,
        "tid": 740423,
        "type": "buy"
    },
    {
        "amount": 0.001,
        "date": 1501883501,
        "price": 9606,
        "tid": 740424,
        "type": "buy"
    },
    {
        "amount": 0.001,
        "date": 1501883501,
        "price": 9610,
        "tid": 740425,
        "type": "buy"
    },
    {
        "amount": 0.15655891,
        "date": 1501883501,
        "price": 9639.98,
        "tid": 740426,
        "type": "buy"
    },
    {
        "amount": 0.12926175,
        "date": 1501883501,
        "price": 9639.99,
        "tid": 740427,
        "type": "buy"
    },
    {
        "amount": 0.31086487,
        "date": 1501883501,
        "price": 9639.99,
        "tid": 740428,
        "type": "buy"
    },
    {
        "amount": 0.07199,
        "date": 1501883527,
        "price": 9639.97999,
        "tid": 740429,
        "type": "buy"
    },
    {
        "amount": 0.07909513,
        "date": 1501883527,
        "price": 9639.99,
        "tid": 740430,
        "type": "buy"
    },
    {
        "amount": 0.0925873,
        "date": 1501883527,
        "price": 9640,
        "tid": 740431,
        "type": "buy"
